,,,,,,
,,,,,,
,,,,,,
,,,,,,
,,,,,,
,,,,,,
,,,,,,
,DATE,TYPE,DESCRIPTION/LOCATION,DEPOSIT,WITHDRAWAL,BALANCE
,6/30/2010,,,,,6500
,7/2/2010,CHECK,Office Superstore,,$623.00,$5,877.00
,7/9/2010,CHECK,Cool Stuff, Inc. - 60 cards @ 2.50,$150.00,,$6,027.00
,7/12/2010,CHECK,Tennessee Arts & Crafts - 100 cards @2.00,$200.00,,$6,227.00
,7/12/2010,CHECK,Office Superstore,,$307.00,$5,920.00
,7/15/2010,ONLINE,Blink!  Assorted cards - 1600 cards @ 2.00,$3,200.00,,$9,120.00
,7/21/2010,CHECK,Joan's Interiors  68 cards @2.50,$170.00,,$9,290.00
,7/30/2010,ONLINE,Boone Radley - July Income ,,$1,395.00,$7,895.00
,7/30/2010,ONLINE,Charlotte Harris - July Income,,$1,395.00,$6,500.00
,8/1/2010,CHECK,Office Superstore,,$1,002.00,$5,498.00
,8/2/2010,CHECK,Blink!  Assorted cards - 1600 cards @ 2.00,$4,100.00,,$9,598.00
,9/1/2010,ONLINE,Boone Radley - August Income ,,$1,549.00,$8,049.00
,9/1/2010,ONLINE,Charlotte Harris - August Income,,$1,549.00,$6,500.00
,9/7/2010,CHECK,blink!  Assorted cards ,$996.00,,$7,496.00
,9/7/2010,CHECK,Nervous Tick Assorted cards,$87.00,,$7,583.00
,9/17/2010,CHECK,Blink! Assorted cards,$1,405.00,,$8,988.00
,9/18/2010,CHECK,Office Superstore,,$755.00,$8,233.00
,9/22/2010,CHECK,Blink! Assorted cards,$1,000.00,,$9,233.00
,,,,,,
,,,,,,
,,,,,,
,,,,,,
,,,,,,
,,,,,,
,,,,,,
,,,,,,
,,,,,,
,,,,,,
,,,,,,
,,,,,,
,,,,,,
,,,,,,
,,,,,,
,,,,,,
,,,,,,
,,,,,,
,,,,,,
,,,,,,
,,,,,,
,,,,,,
,,,,,,
,,,,,,
,,,,,,
,,,,,,
,,,,,,
,,,,,,
,,,,,,
,,,,,,
,,,,,,
,,,,,,
,,,,,,
,,,,,,
,,,,,,
,,,,,,
,,,,,,
,,,,,,
,,,,,,
,,,,,,
,,,,,,
,,,,,,
,,,,,,
,,,,,,
,,,,,,
,,,,,,
,,,,,,
,,,,,,
,,,,,,
,,,,,,
,,,,,,
,,,,,,
,,,,,,
,,,,,,
,,,,,,
,,,,,,
,,,,,,
,,,,,,
,,,,,,
,,,,,,
,,,,,,
,,,,,,
,,,,,,
,,,,,,
,,,,,,
,,,,,,
,,,,,,
,,,,,,
,,,,,,
,,,,,,
,,,,,,
,,,,,,
,,,,,,
,,,,,,
,,,,,,
